<record><leader>00000cas a2200000 a 4500</leader><controlfield tag="001">54076463</controlfield><controlfield tag="008">040123d18uu1884nyuwr ne      0    0eng c</controlfield><datafield ind1=" " ind2=" " tag="010"><subfield code="a">sn2004060305</subfield></datafield><datafield ind1=" " ind2=" " tag="040"><subfield code="a">NYS</subfield><subfield code="b">eng</subfield><subfield code="c">NYS</subfield><subfield code="d">OCLCQ</subfield><subfield code="d">OCLCF</subfield><subfield code="d">OCLCO</subfield><subfield code="d">OCLCA</subfield></datafield><datafield ind1="1" ind2=" " tag="029"><subfield code="a">AU@</subfield><subfield code="b">000025255666</subfield></datafield><datafield ind1=" " ind2=" " tag="042"><subfield code="a">pcc</subfield></datafield><datafield ind1=" " ind2=" " tag="043"><subfield code="a">n-us-ny</subfield></datafield><datafield ind1="0" ind2=" " tag="130"><subfield code="a">Sunday union (New York, N.Y.)</subfield></datafield><datafield ind1="1" ind2="4" tag="245"><subfield code="a">The Sunday union.</subfield></datafield><datafield ind1=" " ind2=" " tag="260"><subfield code="a">New York [N.Y.] :</subfield><subfield code="b">James Wm. O'Brien.</subfield></datafield><datafield ind1=" " ind2=" " tag="300"><subfield code="a">v. :</subfield><subfield code="b">ill. ;</subfield><subfield code="c">58 cm.</subfield></datafield><datafield ind1=" " ind2=" " tag="310"><subfield code="a">Weekly</subfield></datafield><datafield ind1="0" ind2=" " tag="362"><subfield code="a">-v. 11, no. 429 (Feb. 10, 1884).</subfield></datafield><datafield ind1=" " ind2=" " tag="500"><subfield code="a">"The Irish citizens' and Catholic family Sunday newspaper."</subfield></datafield><datafield ind1=" " ind2=" " tag="515"><subfield code="a">Issues from &lt;Jan. 16, 1881&gt; to Nov. 26, 1881 bear edition statement: City edition of The weekly union. Issues bear running title and publisher's bar: The weekly Union, as well as the date of The weekly union on all pages except the title page. Edition statement and publication date of The weekly union disappear after Nov. 27, 1881.</subfield></datafield><datafield ind1=" " ind2=" " tag="580"><subfield code="a">Merged with: The Catholic times (Arlington, Kearny, N.J.) to form: The Sunday union and Catholic times.</subfield></datafield><datafield ind1=" " ind2=" " tag="588"><subfield code="a">Description based on: Vol. 8, no. 269 (Jan. 16, 1881).</subfield></datafield><datafield ind1="2" ind2="0" tag="610"><subfield code="a">Catholic Church</subfield><subfield code="v">Newspapers.</subfield></datafield><datafield ind1=" " ind2="0" tag="650"><subfield code="a">Irish Americans</subfield><subfield code="z">New York (State)</subfield><subfield code="z">New York</subfield><subfield code="v">Newspapers.</subfield></datafield><datafield ind1=" " ind2="0" tag="650"><subfield code="a">Temperance</subfield><subfield code="z">New York (State)</subfield><subfield code="z">New York</subfield><subfield code="v">Newspapers.</subfield></datafield><datafield ind1=" " ind2="0" tag="651"><subfield code="a">New York (N.Y.)</subfield><subfield code="v">Newspapers.</subfield></datafield><datafield ind1=" " ind2="0" tag="651"><subfield code="a">New York County (N.Y.)</subfield><subfield code="v">Newspapers.</subfield></datafield><datafield ind1=" " ind2="7" tag="655"><subfield code="a">Newspapers.</subfield><subfield code="2">fast</subfield><subfield code="0">(OCoLC)fst01423814</subfield></datafield><datafield ind1="2" ind2="7" tag="610"><subfield code="a">Catholic Church.</subfield><subfield code="2">fast</subfield><subfield code="0">(OCoLC)fst00531720</subfield></datafield><datafield ind1=" " ind2="7" tag="650"><subfield code="a">Irish Americans.</subfield><subfield code="2">fast</subfield><subfield code="0">(OCoLC)fst00978933</subfield></datafield><datafield ind1=" " ind2="7" tag="650"><subfield code="a">Temperance.</subfield><subfield code="2">fast</subfield><subfield code="0">(OCoLC)fst01147309</subfield></datafield><datafield ind1=" " ind2="7" tag="651"><subfield code="a">New York (State)</subfield><subfield code="z">New York.</subfield><subfield code="2">fast</subfield><subfield code="0">(OCoLC)fst01204333</subfield></datafield><datafield ind1=" " ind2="7" tag="651"><subfield code="a">New York (State)</subfield><subfield code="z">New York County.</subfield><subfield code="2">fast</subfield><subfield code="0">(OCoLC)fst01234953</subfield></datafield><datafield ind1=" " ind2=" " tag="752"><subfield code="a">United States</subfield><subfield code="b">New York</subfield><subfield code="c">New York</subfield><subfield code="d">New York.</subfield></datafield><datafield ind1="1" ind2=" " tag="775"><subfield code="t">Weekly union (New York, N.Y.)</subfield><subfield code="w">(DLC)sn2004060302</subfield><subfield code="w">(OCoLC)54075018</subfield></datafield><datafield ind1="1" ind2="7" tag="785"><subfield code="t">Catholic times (Arlington, Kearny, N.J.)</subfield><subfield code="w">(DLC)sn2004060301</subfield><subfield code="w">(OCoLC)54074655</subfield></datafield><datafield ind1="1" ind2="7" tag="785"><subfield code="t">Sunday union and Catholic times</subfield><subfield code="w">(DLC)sn2004060306</subfield><subfield code="w">(OCoLC)54076689</subfield></datafield></record>